@article{lau2003programming,
	title={Programming by demonstration using version space algebra},
	author={Lau, Tessa and Wolfman, Steven A and Domingos, Pedro and Weld, Daniel S},
	journal={Machine Learning},
	volume={53},
	number={1-2},
	pages={111--156},
	year={2003},
	publisher={Springer}
}

@article{mitchell1982generalization,
	title={Generalization as search},
	author={Mitchell, Tom M},
	journal={Artificial intelligence},
	volume={18},
	number={2},
	pages={203--226},
	year={1982},
	publisher={Elsevier}
}

@inproceedings{gulwani2014nlyze,
	title={{NLyze}: Interactive programming by natural language for spreadsheet data analysis and manipulation},
	author={Gulwani, Sumit and Marron, Mark},
	booktitle={Proceedings of the 2014 ACM SIGMOD international conference on Management of data},
	pages={803--814},
	year={2014},
	organization={ACM}
}

@inproceedings{katayama2009recent,
	title={Recent improvements of MagicHaskeller},
	author={Katayama, Susumu},
	booktitle={International Workshop on Approaches and Applications of Inductive Programming},
	pages={174--193},
	year={2009},
	organization={Springer}
}

@inproceedings{kitzelmann2008analytical,
	title={Analytical inductive functional programming},
	author={Kitzelmann, Emanuel},
	booktitle={International Symposium on Logic-Based Program Synthesis and Transformation},
	pages={87--102},
	year={2008},
	organization={Springer}
}

@inproceedings{kitzelmann2009inductive,
	title={Inductive programming: A survey of program synthesis techniques},
	author={Kitzelmann, Emanuel},
	booktitle={International Workshop on Approaches and Applications of Inductive Programming},
	pages={50--73},
	year={2009},
	organization={Springer}
}

@article{smith1984synthesis,
	title={The synthesis of LISP programs from examples: A survey},
	author={Smith, Douglas R}
}

@article{DBLP:journals/corr/SousaSDPGGSH16,
	author    = {Reudismam Rolim de Sousa and
	Gustavo Soares and
	Loris D'Antoni and
	Oleksandr Polozov and
	Sumit Gulwani and
	Rohit Gheyi and
	Ryo Suzuki and
	Bjoern Hartmann},
	title     = {Learning Syntactic Program Transformations from Examples},
	journal   = {CoRR},
	volume    = {abs/1608.09000},
	year      = {2016},
	url       = {http://arxiv.org/abs/1608.09000},
	timestamp = {Fri, 02 Sep 2016 17:46:24 +0200},
	biburl    = {http://dblp.uni-trier.de/rec/bib/journals/corr/SousaSDPGGSH16},
	bibsource = {dblp computer science bibliography, http://dblp.org}
}

@inproceedings{Wang:2016:FFS:2983990.2984030,
	author = {Wang, Xinyu and Gulwani, Sumit and Singh, Rishabh},
	title = {FIDEX: Filtering Spreadsheet Data Using Examples},
	booktitle = {Proceedings of the 2016 ACM SIGPLAN International Conference on Object-Oriented Programming, Systems, Languages, and Applications},
	series = {OOPSLA 2016},
	year = {2016},
	isbn = {978-1-4503-4444-9},
	location = {Amsterdam, Netherlands},
	pages = {195--213},
	numpages = {19},
	url = {http://doi.acm.org/10.1145/2983990.2984030},
	doi = {10.1145/2983990.2984030},
	acmid = {2984030},
	publisher = {ACM},
	address = {New York, NY, USA},
	keywords = {Data Filtering, Program Synthesis, Programming By Examples, Regular Expressions},
} 

@inproceedings{Mayer:2015:UIM:2807442.2807459,
	author = {Mayer, Mika\"{e}l and Soares, Gustavo and Grechkin, Maxim and Le, Vu and Marron, Mark and Polozov, Oleksandr and Singh, Rishabh and Zorn, Benjamin and Gulwani, Sumit},
	title = {User Interaction Models for Disambiguation in Programming by Example},
	booktitle = {Proceedings of the 28th Annual ACM Symposium on User Interface Software \&\#38; Technology},
	series = {UIST '15},
	year = {2015},
	isbn = {978-1-4503-3779-3},
	location = {Daegu, Kyungpook, Republic of Korea},
	pages = {291--301},
	numpages = {11},
	url = {http://doi.acm.org/10.1145/2807442.2807459},
	doi = {10.1145/2807442.2807459},
	acmid = {2807459},
	publisher = {ACM},
	address = {New York, NY, USA},
	keywords = {data manipulation, disambiguation, program navigation, programming by example},
} 

@inproceedings{gulwani2011automating,
	title={Automating string processing in spreadsheets using input-output examples},
	author={Gulwani, Sumit},
	booktitle={ACM SIGPLAN Notices},
	volume={46},
	number={1},
	pages={317--330},
	year={2011},
	organization={ACM}
}